@article{colefax2019reliability,
  title={Reliability of marine faunal detections in drone-based monitoring},
  author={Colefax, Andrew P and Butcher, Paul A and Pagendam, Daniel E and Kelaher, Brendan P},
  journal={Ocean \& Coastal Management},
  volume={174},
  pages={108--115},
  year={2019},
  publisher={Elsevier}
}

@article{Lucas,
	author = {Jones, Kate and Freeman, Robin and Rowcliffe, Marcus and Lucas, Tim and Moorcroft, Elizabeth},
	year = {2015},
	month = {02},
	pages = {},
	title = {A generalised random encounter model for estimating animal density with remote sensor data},
	volume = {6},
	journal = {Methods in Ecology and Evolution},
	doi = {10.1111/2041-210X.12346}
}

@article{rowcliffe,
	author = {Rowcliffe, Marcus and Field, Juliet and Turvey, Samuel and Carbone, Chris},
	year = {2008},
	month = {08},
	pages = {1228-1236},
	title = {Estimating animal density using camera traps without the need for individual recognition},
	volume = {45},
	journal = {Journal of Applied Ecology},
	doi = {10.1111/j.1365-2664.2008.01473.x}
}

@article{yapp1956theory,
	title={The theory of line transects},
	author={Yapp, WB},
	journal={Bird study},
	volume={3},
	number={2},
	pages={93--104},
	year={1956},
	publisher={Taylor \& Francis}
}
@article{hutchinson2007use,
	title={Use, misuse and extensions of “ideal gas” models of animal encounter},
	author={Hutchinson, John MC and Waser, Peter M},
	journal={Biological Reviews},
	volume={82},
	number={3},
	pages={335--359},
	year={2007},
	publisher={Wiley Online Library}
}